@Misc{TeXFAQ,
  title =        {{UK} List of {\TeX} Frequently Asked Questions},
  author =       {{UK \TeX{} Users Group}},
  year =         2019,
  howpublished = {\url{https://texfaq.org}}
}

@Manual{Downes04:amsart,
  title =        {The \textsf{amsart}, \textsf{amsproc}, and
                  \textsf{amsbook} document~classes},
  author =       {Michael Downes and Barbara Beeton},
  organization = {American Mathematical Society},
  year =         2004,
  month =        aug,
  note =         {\url{http://www.ctan.org/pkg/amslatex}}
}

@Manual{Fiorio15,
  title =        {{a}lgorithm2e.sty---package for algorithms},
  author =       {Cristophe Fiorio},
  year =         2015,
  month =        oct,
  note =         {\url{http://www.ctan.org/pkg/algorithm2e}}
}

@Manual{Brito09,
  title =        {The algorithms bundle},
  author =       {Rog\'erio Brito},
  year =         2009,
  month =        aug,
  note =         {\url{http://www.ctan.org/pkg/algorithms}}
}

@Manual{Heinz15,
  title =        {The Listings Package},
  author =       {Carsten Heinz and Brooks Moses and Jobst Hoffmann},
  year =         2015,
  month =        jun,
  note =         {\url{http://www.ctan.org/pkg/listings}}
}

@Manual{Fear05,
  title =        {Publication quality tables in {\LaTeX}},
  author =       {Simon Fear},
  year =         2005,
  month =        apr,
  note =         {\url{http://www.ctan.org/pkg/booktabs}}
}

@Manual{ACMIdentityStandards,
  title =        {{ACM} Visual Identity Standards},
  organization = {Association for Computing Machinery},
  year =         2007,
  note =         {\url{http://identitystandards.acm.org}}
}

@Manual{Sommerfeldt13:Subcaption,
  title =        {The subcaption package},
  author =       {Axel Sommerfeldt},
  year =         2013,
  month =        apr,
  note =         {\url{http://www.ctan.org/pkg/subcaption}}
}

@Manual{Nomencl,
  title =        {A package to create a nomenclature},
  author =       {Boris Veytsman and Bern Schandl and Lee Netherton
                  and C. V. Radhakrishnan},
  year =         2005,
  month =        sep,
  note =         {\url{http://www.ctan.org/pkg/nomencl}}
}

@Manual{Talbot16:Glossaries,
  title =        {User Manual for glossaries.sty v4.44},
  author =       {Nicola L. C. Talbot},
  year =         2019,
  month =        dec,
  note =         {\url{http://www.ctan.org/pkg/glossaries}}
}

@Manual{Carlisle04:Textcase,
  title =        {The \textsl{textcase} package},
  author =       {David Carlisle},
  month =        oct,
  year =         2004,
  note =         {\url{http://www.ctan.org/pkg/textcase}}
}

@Manual{Braams22:Babel,
  title = 	 {Babel},
  author = 	 {Johannes L. Braams and Javier Bezos},
  year = 	 2022,
  note = 	 {\url{http://www.ctan.org/pkg/babel}}}

@article{Iris:Fisher,
author = {FISHER, R. A.},
title = {THE USE OF MULTIPLE MEASUREMENTS IN TAXONOMIC PROBLEMS},
journal = {Annals of Eugenics},
volume = {7},
number = {2},
pages = {179-188},
doi = {https://doi.org/10.1111/j.1469-1809.1936.tb02137.x},
url = {https://onlinelibrary.wiley.com/doi/abs/10.1111/j.1469-1809.1936.tb02137.x},
eprint = {https://onlinelibrary.wiley.com/doi/pdf/10.1111/j.1469-1809.1936.tb02137.x},
abstract = {The articles published by the Annals of Eugenics (1925â€“1954) have been made available online as an historical archive intended for scholarly use. The work of eugenicists was often pervaded by prejudice against racial, ethnic and disabled groups. The online publication of this material for scholarly research purposes is not an endorsement of those views nor a promotion of eugenics in any way.},
year = {1936}
}

@INPROCEEDINGS{ResNet50:He,
  author={He, Kaiming and Zhang, Xiangyu and Ren, Shaoqing and Sun, Jian},
  booktitle={2016 IEEE Conference on Computer Vision and Pattern Recognition (CVPR)}, 
  title={Deep Residual Learning for Image Recognition}, 
  year={2016},
  volume={},
  number={},
  pages={770-778},
  doi={10.1109/CVPR.2016.90}}
  
  @inproceedings{
nguyen2018on,
title={On the loss landscape of a class of deep neural networks with no bad local valleys},
author={Quynh Nguyen and Mahesh Chandra Mukkamala and Matthias Hein},
booktitle={International Conference on Learning Representations},
year={2019},
url={https://openreview.net/forum?id=HJgXsjA5tQ},
}

@article{janocha2017loss,
  title={On loss functions for deep neural networks in classification},
  author={Janocha, Katarzyna and Czarnecki, Wojciech Marian},
  journal={arXiv preprint arXiv:1702.05659},
  year={2017}
}

@article{Dai:MVBer,
author = {Bin Dai and Shilin Ding and Grace Wahba},
title = {{Multivariate Bernoulli distribution}},
volume = {19},
journal = {Bernoulli},
number = {4},
publisher = {Bernoulli Society for Mathematical Statistics and Probability},
pages = {1465 -- 1483},
keywords = {Bernoulli distribution, generalized linear models, Lasso, smoothing spline},
year = {2013},
doi = {10.3150/12-BEJSP10},
URL = {https://doi.org/10.3150/12-BEJSP10}
}

@incollection{fukushima1982neocognitron,
  title={Neocognitron: A self-organizing neural network model for a mechanism of visual pattern recognition},
  author={Fukushima, Kunihiko and Miyake, Sei},
  booktitle={Competition and cooperation in neural nets},
  pages={267--285},
  year={1982},
  publisher={Springer}
}